<?xml version="1.0" encoding="UTF-8"?><collection xmlns="http://www.loc.gov/MARC21/slim"><record><leader>00607nam--2200193-i-4500</leader><controlfield tag="001">000045102</controlfield><controlfield tag="002">20161230</controlfield><controlfield tag="005">20161230201044</controlfield><controlfield tag="008">060222s1000------------r-----000-0-rum-d</controlfield><datafield ind1=" " ind2=" " tag="040"><subfield code="a">IFIN-HH</subfield></datafield><datafield ind1=" " ind2=" " tag="041"><subfield code="a">rum</subfield></datafield><datafield ind1=" " ind2=" " tag="080"><subfield code="a">539.12.08:539.1.074</subfield></datafield><datafield ind1="1" ind2=" " tag="100"><subfield code="a">Topa,Aurelia</subfield></datafield><datafield ind1="1" ind2="0" tag="245"><subfield code="a">Detectarea radiatiilor nucleare</subfield><subfield code="b">Lucrari practice. cursurile pentru utilizarea izotopilor si radiatiilor (cuir)</subfield><subfield code="c">Aurelia topa</subfield></datafield><datafield ind1=" " ind2=" " tag="260"><subfield code="a">Bucuresti</subfield><subfield code="b">Idt</subfield><subfield code="c">1971</subfield></datafield><datafield ind1=" " ind2=" " tag="300"><subfield code="a">161P</subfield></datafield><datafield ind1=" " ind2=" " tag="490"><subfield code="a">Cursurile Pentru Utilizarea Izotopilor Si Radiatiilor</subfield></datafield><datafield ind1=" " ind2=" " tag="852"><subfield code="a">36260</subfield><subfield code="c">539.1.07:539.1.08</subfield></datafield><datafield ind1=" " ind2=" " tag="CAT"><subfield code="a">Sys</subfield><subfield code="c">20111025</subfield><subfield code="h">103117</subfield></datafield></record></collection>